<<<<<<< HEAD
@article{comparat2014molecular,
  title={Molecular cooling via Sisyphus processes},
  author={Comparat, Daniel},
  journal={Physical Review A},
  volume={89},
  number={4},
  pages={043410},
  year={2014},
  publisher={APS}
}

@article{chaneliere2018phase,
  title={Phase-space-density limitation in laser cooling without spontaneous emission},
  author={Chaneli{\`e}re, Thierry and Comparat, Daniel and Lignier, Hans},
  journal={Physical Review A},
  volume={98},
  number={6},
  pages={063432},
  year={2018},
  publisher={APS}
}


@article{comparat2020limitations,
  title={Limitations for field-enhanced atom interferometry},
  author={Comparat, D},
  journal={Physical Review A},
  volume={101},
  number={2},
  pages={023606},
  year={2020},
  publisher={APS}
}

@book{varshalovich1988quantum,
  title={Quantum theory of angular momentum},
  author={Varshalovich, Dmitriui Aleksandrovich and Moskalev, Anatoli Nikolaevitch and Khersonskii, Valerii Kel'manovich},
  year={1988},
  publisher={World Scientific}
}


@manual{manual_Steck,
  title        = {Quantum and Atom Optics},
  author       = {Daniel Steck}, 
  address      = {http://atomoptics-nas.uoregon.edu/~dsteck/teaching/quantum-optics/},
  year         = 2020
=======
@article{comparat2014molecular,
  title={Molecular cooling via Sisyphus processes},
  author={Comparat, Daniel},
  journal={Physical Review A},
  volume={89},
  number={4},
  pages={043410},
  year={2014},
  publisher={APS}
}

@article{chaneliere2018phase,
  title={Phase-space-density limitation in laser cooling without spontaneous emission},
  author={Chaneli{\`e}re, Thierry and Comparat, Daniel and Lignier, Hans},
  journal={Physical Review A},
  volume={98},
  number={6},
  pages={063432},
  year={2018},
  publisher={APS}
}


@article{comparat2020limitations,
  title={Limitations for field-enhanced atom interferometry},
  author={Comparat, D},
  journal={Physical Review A},
  volume={101},
  number={2},
  pages={023606},
  year={2020},
  publisher={APS}
}

@book{varshalovich1988quantum,
  title={Quantum theory of angular momentum},
  author={Varshalovich, Dmitriui Aleksandrovich and Moskalev, Anatoli Nikolaevitch and Khersonskii, Valerii Kel'manovich},
  year={1988},
  publisher={World Scientific}
}


@manual{manual_Steck,
  title        = {Quantum and Atom Optics},
  author       = {Daniel Steck}, 
  address      = {http://atomoptics-nas.uoregon.edu/~dsteck/teaching/quantum-optics/},
  year         = 2020
>>>>>>> 8a5eff06c2dff7ab9c152968cca57c83445d78f7
}