@FOOTNOTE{Note1,key="Note1",note="For the 32bits the mingw-32bit-setup.exe it will be installed in C:\textbackslash {}Program Files (x86)\textbackslash {}CodeBlocks where the (x86) is here to say that it is a 32bits file but on a 64bits computer. All other "normal" cases will be on C:\textbackslash {}Program Files (that is 32bits on 32system or 64bits files or 64 computer)"}
@FOOTNOTE{Note2,key="Note2",note="For 32 bits the simplest way is to install Gsl-1.13-1.exe. then you would need to modify from the Search directories in the Project Build Options the location of the .h files C:\textbackslash {}Program Files (x86)\textbackslash {}GSL-1.13\textbackslash {}include. You need also to modify the location of the global variable"}
@FOOTNOTE{Note3,key="Note3",note=" Depending on what the computer is doing meanwhile those times can fluctuate within few percent"}
@FOOTNOTE{Note4,key="Note4",note=" For more generality we do not (yet) assume real dipoles and so the notation is different (better here even if careful has to be taken in the $i,j$ order because $\Omega _{ji} =\Omega _{i \rightarrow j} $ ) than in \cite {comparat2014molecular}."}
